<?xml version="1.0" encoding="UTF-8"?>
<record xmlns="http://www.loc.gov/MARC21/slim" xmlns:xsi="http://www.w3.org/2001/XMLSchema-instance" xsi:schemaLocation="http://www.loc.gov/MARC21/slim http://www.loc.gov/standards/marcxml/schema/MARC21slim.xsd">
<leader>00000cam a22      a 4500</leader>
<controlfield tag="001">001682462</controlfield>
<controlfield tag="003">NNU</controlfield>
<controlfield tag="005">20151016170922.0</controlfield>
<controlfield tag="008">940901s1950    le a          000 0carard</controlfield>
<datafield tag="035" ind1=" " ind2=" ">
<subfield code="a">(OCoLC)31041019</subfield>
</datafield>
<datafield tag="040" ind1=" " ind2=" ">
<subfield code="a">CLE</subfield>
<subfield code="b">eng</subfield>
<subfield code="c">CLE</subfield>
<subfield code="d">EL$-</subfield>
<subfield code="d">OCLCQ</subfield>
<subfield code="d">IUL</subfield>
<subfield code="d">OCLCF</subfield>
<subfield code="d">OCLCQ</subfield>
<subfield code="d">NNU</subfield>
</datafield>
<datafield tag="043" ind1=" " ind2=" ">
<subfield code="a">a-le---</subfield>
</datafield>
<datafield tag="050" ind1=" " ind2="4">
<subfield code="a">DS80.75</subfield>
<subfield code="b">B87 1950</subfield>
</datafield>
<datafield tag="082" ind1=" " ind2="4">
<subfield code="a">413</subfield>
<subfield code="b">195</subfield>
</datafield>
<datafield tag="100" ind1="1" ind2=" ">
<subfield code="6">880-01</subfield>
<subfield code="a">Bustānī, Karam.</subfield>
</datafield>
<datafield tag="245" ind1="1" ind2="0">
<subfield code="6">880-02</subfield>
<subfield code="a">Amīrāt Lubnān /</subfield>
<subfield code="c">Karam al-Bustānī.</subfield>
</datafield>
<datafield tag="260" ind1=" " ind2=" ">
<subfield code="6">880-03</subfield>
<subfield code="a">Bayrūt :</subfield>
<subfield code="b">Dār Ṣādir,</subfield>
<subfield code="c">1950.</subfield>
</datafield>
<datafield tag="300" ind1=" " ind2=" ">
<subfield code="a">167 pages :</subfield>
<subfield code="b">illustrations ;</subfield>
<subfield code="c">20 cm</subfield>
</datafield>
<datafield tag="336" ind1=" " ind2=" ">
<subfield code="a">text</subfield>
<subfield code="b">txt</subfield>
<subfield code="2">rdacontent</subfield>
</datafield>
<datafield tag="337" ind1=" " ind2=" ">
<subfield code="a">unmediated</subfield>
<subfield code="b">n</subfield>
<subfield code="2">rdamedia</subfield>
</datafield>
<datafield tag="338" ind1=" " ind2=" ">
<subfield code="a">volume</subfield>
<subfield code="b">nc</subfield>
<subfield code="2">rdacarrier</subfield>
</datafield>
<datafield tag="650" ind1=" " ind2="0">
<subfield code="a">Princesses</subfield>
<subfield code="z">Lebanon.</subfield>
</datafield>
<datafield tag="650" ind1=" " ind2="0">
<subfield code="a">Queens</subfield>
<subfield code="z">Lebanon.</subfield>
</datafield>
<datafield tag="651" ind1=" " ind2="0">
<subfield code="a">Lebanon</subfield>
<subfield code="x">Kings and rulers.</subfield>
</datafield>
<datafield tag="650" ind1=" " ind2="7">
<subfield code="a">Kings and rulers.</subfield>
<subfield code="2">fast</subfield>
<subfield code="0">(OCoLC)fst00987694.</subfield>
</datafield>
<datafield tag="650" ind1=" " ind2="7">
<subfield code="a">Princesses.</subfield>
<subfield code="2">fast</subfield>
<subfield code="0">(OCoLC)fst01076505.</subfield>
</datafield>
<datafield tag="650" ind1=" " ind2="7">
<subfield code="a">Queens.</subfield>
<subfield code="2">fast</subfield>
<subfield code="0">(OCoLC)fst01085637.</subfield>
</datafield>
<datafield tag="651" ind1=" " ind2="7">
<subfield code="a">Lebanon.</subfield>
<subfield code="2">fast</subfield>
<subfield code="0">(OCoLC)fst01206063.</subfield>
</datafield>
<datafield tag="880" ind1="1" ind2=" ">
<subfield code="6">100-01/</subfield>
<subfield code="a">بستاني، كرم.</subfield>
</datafield>
<datafield tag="880" ind1="1" ind2="0">
<subfield code="6">245-02/</subfield>
<subfield code="a">ٱميرة لبنان /</subfield>
<subfield code="c">كرم البستاني.</subfield>
</datafield>
<datafield tag="880" ind1=" " ind2=" ">
<subfield code="6">260-03/</subfield>
<subfield code="a">بيروت :</subfield>
<subfield code="b">دار صادر،</subfield>
<subfield code="c">1950.</subfield>
</datafield>
<datafield tag="OWN" ind1=" " ind2=" ">
<subfield code="a">GENERAL</subfield>
</datafield>
<datafield tag="AVA" ind1=" " ind2=" ">
<subfield code="a">NYU50</subfield>
<subfield code="b">BOBST</subfield>
<subfield code="c">Main Collection</subfield>
<subfield code="d">DS80.75 .B87</subfield>
<subfield code="e">unavailable</subfield>
<subfield code="t">Unavailable</subfield>
<subfield code="f">1</subfield>
<subfield code="g">1</subfield>
<subfield code="h">N</subfield>
<subfield code="i">0</subfield>
<subfield code="j">MAIN</subfield>
<subfield code="k">0</subfield>
</datafield>
</record>
